<record><leader>00000cas a22000007a 4500</leader><controlfield tag="001">11625492</controlfield><controlfield tag="008">850128c19699999pauwr ne      0   a0eng d</controlfield><datafield ind1=" " ind2=" " tag="010"><subfield code="a">sn 85000360 </subfield></datafield><datafield ind1=" " ind2=" " tag="040"><subfield code="a">NSD</subfield><subfield code="b">eng</subfield><subfield code="c">NSD</subfield><subfield code="d">NPH</subfield><subfield code="d">OCLCQ</subfield></datafield><datafield ind1=" " ind2=" " tag="012"><subfield code="m">1</subfield></datafield><datafield ind1="1" ind2=" " tag="022"><subfield code="a">8750-6459</subfield><subfield code="l">8750-6459</subfield><subfield code="2">1</subfield></datafield><datafield ind1=" " ind2=" " tag="032"><subfield code="a">675960</subfield><subfield code="b">USPS</subfield></datafield><datafield ind1=" " ind2=" " tag="037"><subfield code="b">Press-Herald, 63 South Tulpehocken St., Pine Grove, PA 17963</subfield></datafield><datafield ind1=" " ind2=" " tag="042"><subfield code="a">nsdp</subfield></datafield><datafield ind1="0" ind2=" " tag="130"><subfield code="a">Press-herald (Pine Grove, Pa.)</subfield></datafield><datafield ind1=" " ind2="4" tag="222"><subfield code="a">The Press-herald</subfield><subfield code="b">(Pine Grove, Pa.)</subfield></datafield><datafield ind1="1" ind2="4" tag="245"><subfield code="a">The press-herald.</subfield></datafield><datafield ind1=" " ind2=" " tag="260"><subfield code="a">Pine Grove, Pa. :</subfield><subfield code="b">Mae E. Bashore &amp; Helen P. Miller</subfield></datafield><datafield ind1=" " ind2=" " tag="310"><subfield code="a">Weekly</subfield></datafield><datafield ind1="1" ind2=" " tag="362"><subfield code="a">Began in 1969.</subfield></datafield><datafield ind1=" " ind2=" " tag="500"><subfield code="a">Published by Fred V. Knecht, Jan. 1985-</subfield></datafield><datafield ind1=" " ind2=" " tag="588"><subfield code="a">Description based on: Vol. 92, no. 91 (Jan. 8, 1970).</subfield></datafield><datafield ind1=" " ind2=" " tag="752"><subfield code="a">United States</subfield><subfield code="b">Pennsylvania</subfield><subfield code="c">Schuykill</subfield><subfield code="d">Pine Grove.</subfield></datafield><datafield ind1="0" ind2="0" tag="780"><subfield code="t">West Schuylkill press and Pine Grove herald</subfield><subfield code="w">(DLC)sn 89077075</subfield></datafield><datafield ind1=" " ind2=" " tag="936"><subfield code="a">Jan. 3, 1985</subfield></datafield></record>